<record><leader>00000cas a22000007a 4500</leader><controlfield tag="001">24266639</controlfield><controlfield tag="008">910821d189u19uunyuuu ne      0    0eng d</controlfield><datafield ind1=" " ind2=" " tag="010"><subfield code="a">sn 91066629 </subfield></datafield><datafield ind1=" " ind2=" " tag="040"><subfield code="a">NYS</subfield><subfield code="b">eng</subfield><subfield code="c">NYS</subfield><subfield code="d">OCLCQ</subfield></datafield><datafield ind1=" " ind2=" " tag="042"><subfield code="a">msc</subfield></datafield><datafield ind1="0" ind2="4" tag="245"><subfield code="a">The Kinderhook courier.</subfield></datafield><datafield ind1="3" ind2="0" tag="246"><subfield code="a">Kinderhook semi=weekly courier</subfield></datafield><datafield ind1=" " ind2=" " tag="260"><subfield code="a">Kinderhook, N.Y. :</subfield><subfield code="b">J.W. Darrow</subfield></datafield><datafield ind1=" " ind2=" " tag="300"><subfield code="a">v.</subfield></datafield><datafield ind1=" " ind2=" " tag="500"><subfield code="a">"Kinderhook edition of the Chatham courier.", &lt;1899-1900&gt;.</subfield></datafield><datafield ind1=" " ind2=" " tag="500"><subfield code="a">Published as: Kinderhook semi=weekly courier, &lt;Oct. 26, 1904&gt;.</subfield></datafield><datafield ind1=" " ind2=" " tag="580"><subfield code="a">Chatham eds.: Chatham courier (Chatham Four Corners, N.Y.), &lt;1899&gt;-1903; Chatham semi-weekly courier, 1903-&lt;1904&gt;.</subfield></datafield><datafield ind1=" " ind2=" " tag="588"><subfield code="a">Description based on: Vol. 2, no. 11 (June 8, 1899).</subfield></datafield><datafield ind1=" " ind2="4" tag="651"><subfield code="a">Kinderhook (N.Y.)</subfield><subfield code="v">Newspapers.</subfield></datafield><datafield ind1=" " ind2=" " tag="752"><subfield code="a">United States</subfield><subfield code="b">New York</subfield><subfield code="c">Columbia</subfield><subfield code="d">Kinderhook.</subfield></datafield><datafield ind1="1" ind2=" " tag="775"><subfield code="t">Chatham courier (Chatham Four Corners, N.Y.)</subfield><subfield code="w">(DLC)sn 83031284</subfield><subfield code="w">(OCoLC)9844765</subfield></datafield><datafield ind1="1" ind2=" " tag="775"><subfield code="t">Chatham semi-weekly courier</subfield><subfield code="w">(DLC)sn 89071125</subfield><subfield code="w">(OCoLC)19367072</subfield></datafield><datafield ind1="1" ind2=" " tag="029"><subfield code="a">AU@</subfield><subfield code="b">000025849094</subfield></datafield></record>